citations-shortened-for-oopsla.bib