@inproceedings{cpp-foundation,
	author = {Boehm, Hans-J. and Adve, Sarita V.},
	title = {Foundations of the {C++} Concurrency Memory Model},
	booktitle = {Programming Language Design and Implementation},
	series = {PLDI '08},
	year = {2008},
	location = {Tucson, AZ, USA},
	pages = {68--78},
	numpages = {11},
	acmid = {1375591},
	publisher = {ACM},
	keywords = {c++, data race, memory consistency, memory model, sequential consistency, trylock},
}
@inproceedings{miscompile-benign,
	author = {Boehm, Hans-J.},
	title = {How to Miscompile Programs with "Benign" Data Races},
	booktitle = {Hot Topics in Parallelism},
	series = {HotPar'11},
	year = {2011},
	location = {Berkeley, CA},
	pages = {3--3},
	numpages = {1},
	acmid = {2001255},
	publisher = {USENIX Association},
}
@inproceedings{data-races-are-evil,
	author = {Boehm, Hans-J.},
	title = {Position Paper: Nondeterminism is Unavoidable, but Data Races Are Pure Evil},
	booktitle = {Relaxing Synchronization for Multicore and Manycore Scalability},
	series = {RACES '12},
	year = {2012},
	location = {Tucson, Arizona, USA},
	pages = {9--14},
	numpages = {6},
	acmid = {2414732},
	publisher = {ACM},
	keywords = {atomic operations, data races, locks, scalability, synchronization},
}
@phdthesis{dbug-thesis,
	author = {Jiri Simsa},
	title = {Systematic and Scalable Testing of Concurrent Programs},
	year = {2013},
	school = {Carnegie Mellon University},
	url = {http://repository.cmu.edu/dissertations/285/},
	address = {Pittsburgh, PA, USA},
	number = {CMU-CS-13-133},
}
@inproceedings{djit,
	author = {Pozniansky, Eli and Schuster, Assaf},
	title = {Efficient On-the-fly Data Race Detection in Multithreaded {C++} Programs},
	booktitle = {Principles and Practice of Parallel Programming},
	series = {PPoPP '03},
	year = {2003},
	location = {San Diego, California, USA},
	pages = {179--190},
	numpages = {12},
	acmid = {781529},
	publisher = {ACM},
	keywords = {concurrency, data race, instrumentation, multithreading, synchronization},
}
@inproceedings{sealing,
	author = {Ball, Thomas and Burckhardt, Sebastian and Coons, Katherine E. and Musuvathi, Madanlal and Qadeer, Shaz},
	title = {Preemption Sealing for Efficient Concurrency Testing},
	booktitle = {Tools and Algorithms for the Construction and Analysis of Systems},
	series = {TACAS'10},
	year = {2010},
	location = {Paphos, Cyprus},
	pages = {420--434},
	numpages = {15},
	acmid = {2175600},
	publisher = {Springer-Verlag},
}
@inproceedings{predictive-dr,
	author = {Smaragdakis, Yannis and Evans, Jacob and Sadowski, Caitlin and Yi, Jaeheon and Flanagan, Cormac},
	title = {Sound Predictive Race Detection in Polynomial Time},
	booktitle = {Principles of Programming Languages},
	series = {POPL '12},
	year = {2012},
	location = {Philadelphia, PA, USA},
	pages = {387--400},
	numpages = {14},
	acmid = {2103702},
	publisher = {ACM},
	keywords = {dynamic analysis, happens-before, race detection},
}
@inproceedings{unnamed-android,
	author = {Bielik, Pavol and Raychev, Veselin and Vechev, Martin},
	title = {Scalable Race Detection for {Android} Applications},
	booktitle = {Object-Oriented Programming, Systems, Languages, and Applications},
	series = {OOPSLA 2015},
	year = {2015},
	location = {Pittsburgh, PA, USA},
	pages = {332--348},
	numpages = {17},
	acmid = {2814303},
	publisher = {ACM},
	keywords = {Android, Data Races, Happens-before, Non-determinism},
}
@inproceedings{r4,
	author = {Jensen, Casper S. and M{\o}ller, Anders and Raychev, Veselin and Dimitrov, Dimitar and Vechev, Martin},
	title = {Stateless Model Checking of Event-driven Applications},
	booktitle = {Object-Oriented Programming, Systems, Languages, and Applications},
	series = {OOPSLA 2015},
	year = {2015},
	location = {Pittsburgh, PA, USA},
	pages = {57--73},
	numpages = {17},
	acmid = {2814282},
	publisher = {ACM},
	keywords = {Model checking, data races, event-driven applications, partial order reduction, web applications},
}
@article{memory-consistency-models,
	author = {Adve, Sarita V. and Gharachorloo, Kourosh},
	title = {Shared Memory Consistency Models: A Tutorial},
	journal = {Computer},
	issue_date = {December 1996},
	volume = {29},
	number = {12},
	month = dec,
	year = {1996},
	pages = {66--76},
	numpages = {11},
	acmid = {620590},
	publisher = {IEEE Computer Society Press},
}
@inproceedings{randomized-scheduler,
	author = {Burckhardt, Sebastian and Kothari, Pravesh and Musuvathi, Madanlal and Nagarakatte, Santosh},
	title = {A Randomized Scheduler with Probabilistic Guarantees of Finding Bugs},
	booktitle = {Architectural Support for Programming Languages and Operating Systems},
	series = {ASPLOS XV},
	year = {2010},
	location = {Pittsburgh, Pennsylvania, USA},
	pages = {167--178},
	numpages = {12},
	acmid = {1736040},
	publisher = {ACM},
	keywords = {concurrency, race conditions, randomized algorithms, testing},
}
@inproceedings{satcheck,
	author = {Demsky, Brian and Lam, Patrick},
	title = {{SATCheck}: {SAT}-directed Stateless Model Checking for {SC} and {TSO}},
	booktitle = {Object-Oriented Programming, Systems, Languages, and Applications},
	series = {OOPSLA 2015},
	year = {2015},
	location = {Pittsburgh, PA, USA},
	pages = {20--36},
	numpages = {17},
	acmid = {2814297},
	publisher = {ACM},
	keywords = {Relaxed memory model, model checking},
}
@article{boehm-memorymodels,
	author = {Adve, Sarita V. and Boehm, Hans-J.},
	title = {Memory Models: A Case for Rethinking Parallel Languages and Hardware},
	journal = {Commun. ACM},
	issue_date = {August 2010},
	volume = {53},
	number = {8},
	month = aug,
	year = {2010},
	pages = {90--101},
	numpages = {12},
	acmid = {1787255},
	publisher = {ACM},
}
@inproceedings{ifrit,
	author = {Effinger-Dean, Laura and Lucia, Brandon and Ceze, Luis and Grossman, Dan and Boehm, Hans-J.},
	title = {IFRit: Interference-free Regions for Dynamic Data-race Detection},
	booktitle = {Object Oriented Programming Systems Languages and Applications},
	series = {OOPSLA '12},
	year = {2012},
	location = {Tucson, Arizona, USA},
	pages = {467--484},
	numpages = {18},
	acmid = {2384650},
	publisher = {ACM},
	keywords = {concurrency, data-race detection, interference-free regions},
}
@inproceedings{smc-empirical-study,
	author = {Thomson, Paul and Donaldson, Alastair F. and Betts, Adam},
	title = {Concurrency Testing Using Schedule Bounding: An Empirical Study},
	booktitle = {Principles and Practice of Parallel Programming},
	series = {PPoPP '14},
	year = {2014},
	location = {Orlando, Florida, USA},
	pages = {15--28},
	numpages = {14},
	acmid = {2555260},
	publisher = {ACM},
	keywords = {concurrency, context bounding, stateless model checking, systematic concurrency testing},
}
@inproceedings{mazurkiewicz,
	author = {Mazurkiewicz, A},
	title = {Trace Theory},
	booktitle = {Advances in Petri Nets 1986, Part II on Petri Nets: Applications and Relationships to Other Models of Concurrency},
	year = {1987},
	location = {Bad Honnef},
	pages = {279--324},
	numpages = {46},
	acmid = {25553},
	publisher = {Springer-Verlag New York, Inc.},
}
@article{coverity,
	author = {Bessey, Al and Block, Ken and Chelf, Ben and Chou, Andy and Fulton, Bryan and Hallem, Seth and Henri-Gros, Charles and Kamsky, Asya and McPeak, Scott and Engler, Dawson},
	title = {A Few Billion Lines of Code Later: Using Static Analysis to Find Bugs in the Real World},
	journal = {Commun. ACM},
	issue_date = {February 2010},
	volume = {53},
	number = {2},
	month = feb,
	year = {2010},
	pages = {66--75},
	numpages = {10},
	acmid = {1646374},
	publisher = {ACM},
}
@inproceedings{inspect,
	author = {Yang, Yu and Chen, Xiaofang and Gopalakrishnan, Ganesh and Kirby, Robert M.},
	title = {Efficient Stateful Dynamic Partial Order Reduction},
	booktitle = {Workshop on Model Checking Software},
	series = {SPIN '08},
	year = {2008},
	location = {Los Angeles, CA, USA},
	pages = {288--305},
	numpages = {18},
	acmid = {1429100},
	publisher = {Springer-Verlag},
}
@article{entscheidungsproblem,
	author = {Turing, A. M.},
	title = {On Computable Numbers, with an Application to the Entscheidungsproblem},
	volume = {s2-42},
	number = {1},
	pages = {230-265},
	year = {1937},
	URL = {http://plms.oxfordjournals.org/content/s2-42/1/230.short},
	eprint = {http://plms.oxfordjournals.org/content/s2-42/1/230.full.pdf+html},
	journal = {Proceedings of the London Mathematical Society}
}
@inproceedings{vargomax,
	author = {Vargomax, Vargomax V.},
	title = {Generalized Super Mario Bros. is {NP}-Complete},
	booktitle = {Proceedings of the 1st ACH SIGBOVIK Conference in Celebration of Harry Q. Bovik's $2^6$th Birthday},
	series = {SIGBOVIK '07},
	year = {2007},
	location = {Pittsburgh, PA, USA},
	pages = {87--88},
	numpages = {2},
	url = {http://sigbovik.org/2007/papers/proceedings.pdf},
	publisher = {ACH},
	address = {Pittsburgh, PA, USA},
	keywords = {NP-Complete, Luigi, Paint, Castles}
}
@misc{sparc-ssm,
	author = {Raj Prakash},
	title = {The Holy Grail - Real Time Memory Access Checking},
	institution = {Oracle},
	year = {2015},
	howpublished = {\url{https://blogs.oracle.com/raj/entry/the_holy_grail_real_time}},
}
@misc{rcu,
	author = {McKenney, Paul and Walpole, Jonathan},
	title = {What is {RCU}, fundamentally?},
	institution = {LWN.net},
	year = {2007},
	howpublished = {\url{https://lwn.net/Articles/262464/}},
}
@inproceedings{fairstatelessmc,
	author = {Musuvathi, Madanlal and Qadeer, Shaz},
	title = {Fair Stateless Model Checking},
	booktitle = {Programming Language Design and Implementation},
	series = {PLDI '08},
	year = {2008},
	location = {Tucson, AZ, USA},
	pages = {362--371},
	numpages = {10},
	acmid = {1375625},
	publisher = {ACM},
	keywords = {concurrency, fairness, liveness, model checking, multi-threading, shared-memory programs, software testing},
}
@inproceedings{gambit,
	author = {Coons, Katherine E. and Burckhardt, Sebastian and Musuvathi, Madanlal},
	title = {GAMBIT: Effective Unit Testing for Concurrency Libraries},
	booktitle = {Principles and Practice of Parallel Programming},
	series = {PPoPP '10},
	year = {2010},
	location = {Bangalore, India},
	pages = {15--24},
	numpages = {10},
	acmid = {1693458},
	publisher = {ACM},
	keywords = {concurrency, model checking, multithreading, partial-order reduction, preemption bound, software testing},
}
@inproceedings{fasttrack,
	author = {Flanagan, Cormac and Freund, Stephen N.},
	title = {FastTrack: Efficient and Precise Dynamic Race Detection},
	booktitle = {Programming Language Design and Implementation},
	series = {PLDI '09},
	year = {2009},
	location = {Dublin, Ireland},
	pages = {121--133},
	numpages = {13},
	acmid = {1542490},
	publisher = {ACM},
	keywords = {concurrency, dynamic analysis, race conditions},
}
@inproceedings{eternal-war,
	author = {Szekeres, Laszlo and Payer, Mathias and Wei, Tao and Song, Dawn},
	title = {SoK: Eternal War in Memory},
	booktitle = {Security and Privacy},
	series = {SP '13},
	year = {2013},
	pages = {48--62},
	numpages = {15},
	acmid = {2498101},
	publisher = {IEEE Computer Society},
}
@article{lamport-clocks,
	author = {Lamport, Leslie},
	title = {Time, Clocks, and the Ordering of Events in a Distributed System},
	journal = {Commun. ACM},
	issue_date = {July 1978},
	volume = {21},
	number = {7},
	month = jul,
	year = {1978},
	pages = {558--565},
	numpages = {8},
	acmid = {359563},
	publisher = {ACM},
	keywords = {clock synchronization, computer networks, distributed systems, multiprocess systems},
}
@inproceedings{racefuzzer,
	author = {Sen, Koushik},
	title = {Race Directed Random Testing of Concurrent Programs},
	booktitle = {Programming Language Design and Implementation},
	series = {PLDI '08},
	year = {2008},
	location = {Tucson, AZ, USA},
	pages = {11--21},
	numpages = {11},
	acmid = {1375584},
	publisher = {ACM},
	keywords = {concurrency, dynamic analysis, race detection, random testing},
}
@inproceedings{hybriddatarace,
	author = {O'Callahan, Robert and Choi, Jong-Deok},
	title = {Hybrid Dynamic Data Race Detection},
	booktitle = {Principles and Practice of Parallel Programming},
	series = {PPoPP '03},
	year = {2003},
	location = {San Diego, California, USA},
	pages = {167--178},
	numpages = {12},
	acmid = {781528},
	publisher = {ACM},
	keywords = {Java, dynamic race detection, happens-before, lockset hybrid},
}
@inproceedings{cafa,
	author = {Hsiao, Chun-Hung and Yu, Jie and Narayanasamy, Satish and Kong, Ziyun and Pereira, Cristiano L. and Pokam, Gilles A. and Chen, Peter M. and Flinn, Jason},
	title = {Race Detection for Event-driven Mobile Applications},
	booktitle = {Programming Language Design and Implementation},
	series = {PLDI '14},
	year = {2014},
	location = {Edinburgh, United Kingdom},
	pages = {326--336},
	numpages = {11},
	acmid = {2594330},
	publisher = {ACM},
	keywords = {Android, causality model, concurrency, event-driven, mobile application, race detection, use-free race},
}
@inproceedings{droidracer,
	author = {Maiya, Pallavi and Kanade, Aditya and Majumdar, Rupak},
	title = {Race Detection for {Android} Applications},
	booktitle = {Programming Language Design and Implementation},
	series = {PLDI '14},
	year = {2014},
	location = {Edinburgh, United Kingdom},
	pages = {316--325},
	numpages = {10},
	acmid = {2594311},
	publisher = {ACM},
	keywords = {Android concurrency semantics, data races, happens-before reasoning},
}
@inproceedings{symbiosis,
	author = {Machado, Nuno and Lucia, Brandon and Rodrigues, Lu\'{\i}s},
	title = {Concurrency Debugging with Differential Schedule Projections},
	booktitle = {Programming Language Design and Implementation},
	series = {PLDI 2015},
	year = {2015},
	location = {Portland, OR, USA},
	pages = {586--595},
	numpages = {10},
	acmid = {2737973},
	publisher = {ACM},
	keywords = {Concurrency, Constraint Solving, Debugging, Differential Schedule Projection, Symbolic Execution},
}
@inproceedings{recordreplaydrs,
	author = {Narayanasamy, Satish and Wang, Zhenghao and Tigani, Jordan and Edwards, Andrew and Calder, Brad},
	title = {Automatically Classifying Benign and Harmful Data Races Using Replay Analysis},
	booktitle = {Programming Language Design and Implementation},
	series = {PLDI '07},
	year = {2007},
	location = {San Diego, California, USA},
	pages = {22--31},
	numpages = {10},
	acmid = {1250738},
	publisher = {ACM},
	keywords = {benign data races, concurrency Bbugs, replay},
}
@inproceedings{portend,
	author = {Kasikci, Baris and Zamfir, Cristian and Candea, George},
	title = {Data Races vs. Data Race Bugs: Telling the Difference with {Portend}},
	booktitle = {Architectural Support for Programming Languages and Operating Systems},
	series = {ASPLOS XVII},
	year = {2012},
	location = {London, England, UK},
	pages = {185--198},
	numpages = {14},
	acmid = {2150997},
	publisher = {ACM},
	keywords = {concurrency, data races, testing, triage},
}
@inproceedings{tsopso,
	author = {Zhang, Naling and Kusano, Markus and Wang, Chao},
	title = {Dynamic Partial Order Reduction for Relaxed Memory Models},
	booktitle = {Programming Language Design and Implementation},
	series = {PLDI 2015},
	year = {2015},
	location = {Portland, OR, USA},
	pages = {250--259},
	numpages = {10},
	acmid = {2737956},
	publisher = {ACM},
	keywords = {DPOR, PSO, Stateless model checking, TSO, partial order reduction, relaxed memory model, runtime verification},
}

@article{spin,
	author = {Holzmann, Gerard J.},
	title = {The Model Checker {SPIN}},
	journal = {IEEE Transactions on Software Engineering},
	issue_date = {May 1997},
	volume = {23},
	number = {5},
	month = may,
	year = {1997},
	pages = {279--295},
	numpages = {17},
	acmid = {260902},
	publisher = {IEEE Press},
	keywords = {Formal methods, program verification, design verification, model checking, distributed systems, concurrency.},
}

@inproceedings{samc,
	author = {Leesatapornwongsa, Tanakorn and Hao, Mingzhe and Joshi, Pallavi and Lukman, Jeffrey F. and Gunawi, Haryadi S.},
	title = {{SAMC}: Semantic-aware Model Checking for Fast Discovery of Deep Bugs in Cloud Systems},
	booktitle = {Operating Systems Design and Implementation},
	series = {OSDI'14},
	year = {2014},
	location = {Broomfield, CO},
	pages = {399--414},
	numpages = {16},
	acmid = {2685080},
	publisher = {USENIX Association},
}

@inproceedings{iterative-deepening-chess-ai,
	author = {Korf, Richard E.},
	title = {Iterative-deepening-{A}: An Optimal Admissible Tree Search},
	booktitle = {International Joint Conference on Artificial Intelligence},
	series = {IJCAI'85},
	year = {1985},
	location = {Los Angeles, California},
	pages = {1034--1036},
	numpages = {3},
	acmid = {1623684},
	publisher = {Morgan Kaufmann Publishers Inc.},
}
@inproceedings{ski,
	author = {Fonseca, Pedro and Rodrigues, Rodrigo and Brandenburg, Bj\"{o}rn B.},
	title = {{SKI}: Exposing Kernel Concurrency Bugs Through Systematic Schedule Exploration},
	booktitle = {Operating Systems Design and Implementation},
	series = {OSDI'14},
	year = {2014},
	location = {Broomfield, CO},
	pages = {415--431},
	numpages = {17},
	acmid = {2685081},
	publisher = {USENIX Association},
}

@inproceedings{racerx,
	author = {Engler, Dawson and Ashcraft, Ken},
	title = {{RacerX}: Effective, Static Detection of Race Conditions and Deadlocks},
	booktitle = {Symposium on Operating Systems Principles},
	series = {SOSP '03},
	year = {2003},
	location = {Bolton Landing, NY, USA},
	pages = {237--252},
	numpages = {16},
	acmid = {945468},
	publisher = {ACM},
	keywords = {deadlock detection, program checking, race detection},
}
@inproceedings{mcr,
	author = {Huang, Jeff},
	title = {Stateless Model Checking Concurrent Programs with Maximal Causality Reduction},
	booktitle = {Programming Language Design and Implementation},
	series = {PLDI 2015},
	year = {2015},
	location = {Portland, OR, USA},
	pages = {165--174},
	numpages = {10},
	acmid = {2737975},
	publisher = {ACM},
	keywords = {maximal causality reduction, stateless model checking},
}
@article{eraser,
	author = {Savage, Stefan and Burrows, Michael and Nelson, Greg and Sobalvarro, Patrick and Anderson, Thomas},
	title = {Eraser: A Dynamic Data Race Detector for Multithreaded Programs},
	journal = {ACM Trans. Comput. Syst.},
	issue_date = {Nov. 1997},
	volume = {15},
	number = {4},
	month = nov,
	year = {1997},
	pages = {391--411},
	numpages = {21},
	acmid = {265927},
	publisher = {ACM},
	keywords = {binary code modification, multithreaded programming, race detection},
}
@techreport{estimation,
	author = {Jiri Simsa and Randy Bryant and Garth Gibson},
	title = {Runtime Estimation and Resource Allocation for Concurrency Testing},
	institution = {Carnegie Mellon University},
	month = {December},
	year = {2012},
	url = {http://www.pdl.cmu.edu/PDL-FTP/Storage/CMU-PDL-12-113.pdf},
	number = {CMU-PDL-12-113},
}
@techreport{parallel-dpor,
	author = {Jiri Simsa and Randy Bryant and Garth Gibson and Jason Hickey},
	title = {Concurrent Systematic Testing at Scale},
	institution = {Carnegie Mellon University},
	month = {May},
	year = {2012},
	url = {http://www.pdl.cmu.edu/PDL-FTP/associated/CMU-PDL-12-101.pdf},
	number = {CMU-PDL-12-101},
}
@inproceedings{quicksand,
	author = {Blum, Ben and Gibson, Garth},
	title = {Stateless Model Checking with Data-Race Preemption Points},
	booktitle = {Object-Oriented Programming, Systems, Languages, and Applications},
	series = {OOPSLA},
	year = {2016},
	location = {Amsterdam, Netherlands}
	pages = {To appear},
	publisher = {ACM},
}
@techreport{quicksand-soundness,
	author = {Ben Blum},
	title = {Soundness Proofs for Iterative Deepening},
	institution = {Carnegie Mellon University},
	month = {September},
	year = {2016},
	url = {http://www.pdl.cmu.edu/PDL-FTP/associated/CMU-PDL-16-103.pdf},
	number = {CMU-PDL-16-103},
}

@inproceedings{bpor,
	author = {Coons, Katherine E. and Musuvathi, Madan and McKinley, Kathryn S.},
	title = {Bounded Partial-order Reduction},
	booktitle = {Object Oriented Programming Systems Languages \&\#38; Applications},
	series = {OOPSLA '13},
	year = {2013},
	location = {Indianapolis, Indiana, USA},
	pages = {833--848},
	numpages = {16},
	acmid = {2509556},
	publisher = {ACM},
	keywords = {bounded partial-order reduction, concurrency, dynamic partial-order reduction, fairness, liveness, model checking, shared-memory programs, software testing},
}

@inproceedings{optimal-dpor,
	author = {Abdulla, Parosh and Aronis, Stavros and Jonsson, Bengt and Sagonas, Konstantinos},
	title = {Optimal Dynamic Partial Order Reduction},
	booktitle = {Principles of Programming Languages},
	series = {POPL '14},
	year = {2014},
	location = {San Diego, California, USA},
	pages = {373--384},
	numpages = {12},
	acmid = {2535845},
	publisher = {ACM},
	keywords = {concurrency, dynamic partial oder reduction, software model checking, source sets, systematic testing, wakeup trees},
}

@inproceedings{parrot,
	author = {Cui, Heming and Simsa, Jiri and Lin, Yi-Hong and Li, Hao and Blum, Ben and Xu, Xinan and Yang, Junfeng and Gibson, Garth A. and Bryant, Randal E.},
	title = {Parrot: A Practical Runtime for Deterministic, Stable, and Reliable Threads},
	booktitle = {Symposium on Operating Systems Principles},
	series = {SOSP '13},
	year = {2013},
	location = {Farminton, Pennsylvania},
	pages = {388--405},
	numpages = {18},
	acmid = {2522735},
	publisher = {ACM},
	keywords = {deterministic multithreading, software model checking, stable multithreading, state space reduction},
}
@misc{c0libs,
	author = {Frank Pfenning},
	title = {C0 Libraries},
	institution = {Carnegie Mellon University},
	year = {2014},
	howpublished = {\url{http://c0.typesafety.net/doc/c0-libraries.pdf}},
}
@misc{c0,
	author = {Frank Pfenning},
	title = {C0 Reference},
	institution = {Carnegie Mellon University},
	year = {2014},
	howpublished = {\url{http://c0.typesafety.net/doc/c0-reference.pdf}},
}

@article{plan9,
	author = {Pike, Rob and Presotto, Dave and Thompson, Ken and Trickey, Howard and Winterbottom, Phil},
	title = {The use of name spaces in {Plan 9}},
	journal = {SIGOPS Oper. Syst. Rev.},
	year = {1993},
}

@INPROCEEDINGS{Pike90plan9,
	author = {Rob Pike and Dave Presotto and Ken Thompson and Howard Trickey},
	title = {Plan 9 from {Bell Labs}},
	booktitle = {In Proceedings of the Summer 1990 UKUUG Conference},
	year = {1990},
	pages = {1--9}
}

@inproceedings{pintos,
	author = {Pfaff, Ben and Romano, Anthony and Back, Godmar},
	title = {The {Pintos} Instructional Operating System Kernel},
	booktitle = {Computer Science Education},
	series = {SIGCSE '09},
	year = {2009},
	location = {Chattanooga, TN, USA},
	pages = {453--457},
	numpages = {5},
	acmid = {1509023},
	publisher = {ACM},
	keywords = {instructional kernel, instructional operating system, pintos},
}
@misc{pintos-github,
	author = {Roger Chen},
	title = {{CS 162} skeleton code for group projects},
	institution = {University of California, Berkeley},
	howpublished = {\url{https://github.com/berkeley-cs162/group0}},
	year = {2015},
}

@misc{xv6,
	author = {Russ Cox and Cliff Frey and Xiao Yu and Nickolai Zeldovich and Austin Clements},
	title = {Xv6, a simple {Unix}-like teaching operating system},
	institution = {Massachussetts Institute of Technology},
	howpublished = {\url{http://pdos.csail.mit.edu/6.828/2012/xv6.html}},
}

@misc{thrlib,
	author = {David Eckhardt},
	title = {Project 2: User Level Thread Library},
	institution = {Carnegie Mellon University},
	year = {2016},
	howpublished = {\url{http://www.cs.cmu.edu/~410-s16/p2/thr_lib.pdf}},
}
@misc{kspec,
	author = {David Eckhardt},
	title = {Pebbles Kernel Specification},
	institution = {Carnegie Mellon University},
	year = {2016},
	howpublished = {\url{http://www.cs.cmu.edu/~410-s16/p2/kspec.pdf}},
}

@mastersthesis{landslide,
	author = {Blum, Ben},
	title = {Landslide: Systematic Dynamic Race Detection in Kernel Space},
	school = {Carnegie Mellon University},
	month = {May},
	year = {2012},
	url = {http://www.pdl.cmu.edu/PDL-FTP/associated/CMU-CS-12-118.pdf},
	address = {Pittsburgh, PA, USA},
	number = {CMU-CS-12-118},
}

@misc{simics-interview,
	title = {Systematically Exposing {OS} Kernel Races - An Interview with {Ben Blum}},
	author = {Jakob Engblom},
	howpublished = {\url{http://blogs.windriver.com/tools/2012/09/systematically-exposing-os-kernel-races-an-interview-with-ben-blum.html}},
}

@inproceedings{sigcse01:CSaPP,
	key	=	"" ,
	author	=	"R. Bryant and D. O'Hallaron" ,
	title	=	"Introducing Computer Systems From a Programmer's Perspective" ,
	publisher=	"" ,
	organization=	"ACM" ,
	booktitle=	"Proc. of the 32nd Technical Symposium on Computer Science Education (SIGCSE)" ,
	month	=	feb ,
	year	=	"2001" ,
}

@article{SewellSOZNM:x86tso-cacm10,
	author    = {Peter Sewell and
	             Susmit Sarkar and
	             Scott Owens and
	             Zappa Nardelli, Francesco and
	             Magnus O. Myreen},
	title     = {{x86-TSO}: a rigorous and usable programmer's model for x86 multiprocessors},
	journal   = {Communications of the {ACM}},
	volume    = {53},
	number    = {7},
	year      = {2010},
	month     = jul,
	pages     = {89--97},
	publisher = {{ACM}},
	doi       = {10.1145/1785414.1785443},
}

@inproceedings{DBLP:conf/usenix/AccettaBBGRTY86,
		author    = {Michael J. Accetta and
		             Robert V. Baron and
		             William J. Bolosky and
		             David B. Golub and
		             Richard F. Rashid and
		             Avadis Tevanian and
		             Michael Young},
		title     = {Mach: A New Kernel Foundation for UNIX Development},
		booktitle = {USENIX Summer},
		year      = {1986},
		pages     = {93-113},
		bibsource = {DBLP, http://dblp.uni-trier.de}
}

@article{SIMFLEX,
	title = {{SIMFLEX}: A Fast, Accurate, Flexible Full-System Simulation Framework for Performance Evaluation of Server Architecture},
	author = {Hardavellas, Nikolaos and Somogyi, Stephen and Wenisch, Thomas~F. and Wunderlich, Roland E. and Chen, Shelley and Kim, Jangwoo and Falsafi, Babak and Hoe, James~C. and Nowatzyk, Andreas~G.},
	journal = {{ACM} {SIGMETRICS} Performance Evaluation Review},
	year = {2004},
}

%%%%%%%%%%%%%%%%%%%%%%%%%%%%%%%%%%%%%%%%%%%%%%%%%%%%%%%%%%%%%%%%%%%%%%%%%%%%%%%%
% Citations used in thesis below. More recent stuff above.
%%%%%%%%%%%%%%%%%%%%%%%%%%%%%%%%%%%%%%%%%%%%%%%%%%%%%%%%%%%%%%%%%%%%%%%%%%%%%%%%

@article{simics,
	author = {Magnusson, Peter S. and Christensson, Magnus and Eskilson, Jesper and Forsgren, Daniel and H{\aa}llberg, Gustav and H\"{o}gberg, Johan and Larsson, Fredrik and Moestedt, Andreas and Werner, Bengt},
	title = {Simics: A Full System Simulation Platform},
	journal = {Computer},
	issue_date = {February 2002},
	volume = {35},
	number = {2},
	month = feb,
	year = {2002},
	pages = {50--58},
	numpages = {9},
	acmid = {621909},
	publisher = {IEEE Computer Society Press},
}
@misc{de0u,
	author = {Eckhardt, David},
	howpublished = {Personal communication},
	year = 2011
}
@inproceedings{dpor,
	author = {Flanagan, Cormac and Godefroid, Patrice},
	title = {Dynamic Partial-order Reduction for Model Checking Software},
	booktitle = {Principles of Programming Languages},
	series = {POPL '05},
	year = {2005},
	location = {Long Beach, California, USA},
	pages = {110--121},
	numpages = {12},
	acmid = {1040315},
	publisher = {ACM},
	keywords = {partial-order reduction, software model checking},
}
@inproceedings{sdpor,
	author = {Yang, Yu and Chen, Xiaofang and Gopalakrishnan, Ganesh and Kirby, Robert M.},
	title = {{Efficient Stateful Dynamic Partial Order Reduction}},
	booktitle = {Workshop on Model Checking Software},
	series = {SPIN '08},
	year = {2008},
	location = {Los Angeles, CA, USA},
	pages = {288--305},
	numpages = {18},
	acmid = {1429100},
	publisher = {Springer-Verlag},
}
@techreport{dbug-retreat,
	author = {Jiri Simsa and Randy Bryant and Garth Gibson and Jason Hickey},
	title = {{Efficient Exploratory Testing of Concurrent Systems}},
	institution = {Carnegie Mellon University},
	month = {November},
	year = {2011},
	volume = {113},
	url = {http://www.pdl.cmu.edu/PDL-FTP/associated/CMU-PDL-11-113.pdf},
	number = {CMU-PDL-11-113},
}
@inproceedings{dbug-ssv,
	author = {Simsa, Jiri and Bryant, Randy and Gibson, Garth},
	title = {{dBug}: Systematic Evaluation of Distributed Systems},
	booktitle = {Systems Software Verification},
	series = {SSV'10},
	year = {2010},
	location = {Voncouver, BC, Canada},
	pages = {3--3},
	numpages = {1},
	acmid = {1929007},
	publisher = {USENIX Association},
}
@inproceedings{distributed-dpor,
	author = {Yang, Yu and Chen, Xiaofang and Gopalakrishnan, Ganesh and Kirby, Robert M.},
	title = {Distributed dynamic partial order reduction based verification of threaded software},
	booktitle = {SPIN},
	year = {2007},
	location = {Berlin, Germany},
	pages = {58--75},
	numpages = {18},
	acmid = {1770541},
	publisher = {Springer-Verlag},
}
@inproceedings{verisoft,
	author = {Godefroid, Patrice},
	title = {{VeriSoft}: A Tool for the Automatic Analysis of Concurrent Reactive Software},
	booktitle = {Computer Aided Verification},
	series = {CAV '97},
	year = {1997},
	pages = {476--479},
	numpages = {4},
	acmid = {733607},
	publisher = {Springer-Verlag},
}
@inproceedings{valgrind,
	author = {Nethercote, Nicholas and Seward, Julian},
	title = {Valgrind: a framework for heavyweight dynamic binary instrumentation},
	booktitle = {Programming Language Design and Implementation},
	series = {PLDI '07},
	year = {2007},
	location = {San Diego, California, USA},
	pages = {89--100},
	numpages = {12},
	acmid = {1250746},
	publisher = {ACM},
	keywords = {Memcheck, Valgrind, dynamic binary analysis, dynamic binary instrumentation, shadow values},
}

@inproceedings{simtester,
	author = {Yu, Tingting and Srisa-an, Witawas and Rothermel, Gregg},
	title = {{SimTester: a controllable and observable testing framework for embedded systems}},
	booktitle = {Virtual Execution Environments},
	series = {VEE '12},
	year = {2012},
	location = {London, England, UK},
	pages = {51--62},
	numpages = {12},
	acmid = {2151034},
	publisher = {ACM},
	keywords = {concurrency, device drivers, kernels, testing},
}

@inproceedings{racepro,
	author = {Laadan, Oren and Viennot, Nicolas and Tsai, Chia-Che and Blinn, Chris and Yang, Junfeng and Nieh, Jason},
	title = {Pervasive detection of process races in deployed systems},
	booktitle = {Symposium on Operating Systems Principles},
	series = {SOSP '11},
	year = {2011},
	location = {Cascais, Portugal},
	pages = {353--367},
	numpages = {15},
	acmid = {2043589},
	publisher = {ACM},
	keywords = {debugging, model checking, race detection, record-replay},
}
@inproceedings{chess-icb,
	author = {Musuvathi, Madanlal and Qadeer, Shaz},
	title = {Iterative Context Bounding for Systematic Testing of Multithreaded Programs},
	booktitle = {Programming Language Design and Implementation},
	series = {PLDI '07},
	year = {2007},
	location = {San Diego, California, USA},
	pages = {446--455},
	numpages = {10},
	acmid = {1250785},
	publisher = {ACM},
	keywords = {concurrency, context-bounding, model checking, multithreading, partial-order reduction, shared-memory programs, software testing},
}
@inproceedings{chess,
	author = {Musuvathi, Madanlal and Qadeer, Shaz and Ball, Thomas and Basler, Gerard and Nainar, Piramanayagam Arumuga and Neamtiu, Iulian},
	title = {Finding and Reproducing Heisenbugs in Concurrent Programs},
	booktitle = {Operating Systems Design and Implementation},
	series = {OSDI'08},
	year = {2008},
	location = {San Diego, California},
	pages = {267--280},
	numpages = {14},
	acmid = {1855760},
	publisher = {USENIX Association},
}
@inproceedings{klee,
	author = {Cadar, Cristian and Dunbar, Daniel and Engler, Dawson},
	title = {{KLEE: unassisted and automatic generation of high-coverage tests for complex systems programs}},
	booktitle = {Operating Systems Design and Implementation},
	series = {OSDI'08},
	year = {2008},
	location = {San Diego, California},
	pages = {209--224},
	numpages = {16},
	acmid = {1855756},
	publisher = {USENIX Association},
}
@inproceedings{deviant-bugs,
	author = {Engler, Dawson and Chen, David Yu and Hallem, Seth and Chou, Andy and Chelf, Benjamin},
	title = {Bugs as deviant behavior: a general approach to inferring errors in systems code},
	booktitle = {Symposium on Operating Systems Principles},
	series = {SOSP '01},
	year = {2001},
	location = {Banff, Alberta, Canada},
	pages = {57--72},
	numpages = {16},
	acmid = {502041},
	publisher = {ACM},
}
@misc{dawson,
	author = {Engler, Dawson},
	howpublished = {Personal communication},
	year = 2012
}
@inproceedings{aeg,
	author = {Thanassis Avgerinos and Sang Kil Cha and Brent Lim Tze Hao and David Brumley},
	title = {{AEG: Automatic Exploit Generation}},
	booktitle = {Network and Distributed System Security Symposium},
	month = feb,
	year = {2011}
}
@article{symbolic,
	author = {King, James C.},
	title = {Symbolic execution and program testing},
	journal = {Commun. ACM},
	issue_date = {July 1976},
	volume = {19},
	number = {7},
	month = jul,
	year = {1976},
	pages = {385--394},
	numpages = {10},
	acmid = {360252},
	publisher = {ACM},
	keywords = {program debugging, program proving, program testing, program verification, symbolic execution, symbolic interpretation},
}
@inproceedings{symbolic-disks,
	author = {Yang, Junfeng and Sar, Can and Twohey, Paul and Cadar, Cristian and Engler, Dawson},
	title = {{Automatically Generating Malicious Disks using Symbolic Execution}},
	booktitle = {Security and Privacy},
	series = {SP '06},
	year = {2006},
	pages = {243--257},
	numpages = {15},
	acmid = {1130377},
	publisher = {IEEE Computer Society},
}
@inproceedings{dag-mining,
	author = {Seo, Eunsoo and Khan, Mohammad Maifi Hasan and Mohapatra, Prasant and Han, Jiawei and Abdelzaher, Tarek},
	title = {{Exposing Complex Bug-Triggering Conditions in Distributed Systems via Graph Mining}},
	booktitle = {International Conference on Parallel Processing},
	series = {ICPP '11},
	year = {2011},
	pages = {186--195},
	numpages = {10},
	acmid = {2066952},
	publisher = {IEEE Computer Society},
	keywords = {Fault diagnosis, Software debugging, Data mining},
}
@inproceedings{racetrack,
	author = {Yu, Yuan and Rodeheffer, Tom and Chen, Wei},
	title = {{RaceTrack: efficient detection of data race conditions via adaptive tracking}},
	booktitle = {Symposium on Operating Systems Principles},
	series = {SOSP '05},
	year = {2005},
	location = {Brighton, United Kingdom},
	pages = {221--234},
	numpages = {14},
	acmid = {1095832},
	publisher = {ACM},
	keywords = {race detection, virtual machine instrumentation},
}
@inproceedings{tsan,
	author = {Serebryany, Konstantin and Iskhodzhanov, Timur},
	title = {{ThreadSanitizer}: Data Race Detection in Practice},
	booktitle = {Workshop on Binary Instrumentation and Applications},
	series = {WBIA '09},
	year = {2009},
	location = {New York, New York, USA},
	pages = {62--71},
	numpages = {10},
	acmid = {1791203},
	publisher = {ACM},
	keywords = {Valgrind, concurrency bugs, dynamic data race detection, testing},
}
@inproceedings{modist,
	author = {Yang, Junfeng and Chen, Tisheng and Wu, Ming and Xu, Zhilei and Liu, Xuezheng and Lin, Haoxiang and Yang, Mao and Long, Fan and Zhang, Lintao and Zhou, Lidong},
	title = {{MODIST: transparent model checking of unmodified distributed systems}},
	booktitle = {Networked Systems Design and Implementation},
	series = {NSDI'09},
	year = {2009},
	location = {Boston, Massachusetts},
	pages = {213--228},
	numpages = {16},
	acmid = {1558992},
	publisher = {USENIX Association},
}
@inproceedings{macemc,
	author = {Killian, Charles and Anderson, James W. and Jhala, Ranjit and Vahdat, Amin},
	title = {Life, death, and the critical transition: finding liveness bugs in systems code},
	booktitle = {Networked Systems Design \& Implementation},
	series = {NSDI'07},
	year = {2007},
	location = {Cambridge, MA},
	pages = {18--18},
	numpages = {1},
	acmid = {1973448},
	publisher = {USENIX Association},
}
@inproceedings{demeter,
	author = {Guo, Huayang and Wu, Ming and Zhou, Lidong and Hu, Gang and Yang, Junfeng and Zhang, Lintao},
	title = {Practical Software Model Checking via Dynamic Interface Reduction},
	booktitle = {Symposium on Operating Systems Principles},
	series = {SOSP '11},
	year = {2011},
	location = {Cascais, Portugal},
	pages = {265--278},
	numpages = {14},
	acmid = {2043582},
	publisher = {ACM},
	keywords = {dynamic interface reduction, software model checking, state space reduction},
}
@inproceedings{barrelfish,
	author = {Baumann, Andrew and Barham, Paul and Dagand, Pierre-Evariste and Harris, Tim and Isaacs, Rebecca and Peter, Simon and Roscoe, Timothy and Sch\"{u}pbach, Adrian and Singhania, Akhilesh},
	title = {{The multikernel: a new OS architecture for scalable multicore systems}},
	booktitle = {Symposium on Operating Systems Principles},
	series = {SOSP '09},
	year = {2009},
	location = {Big Sky, Montana, USA},
	pages = {29--44},
	numpages = {16},
	acmid = {1629579},
	publisher = {ACM},
	keywords = {message passing, multicore processors, scalability},
}
@inproceedings{sel4,
	author = {Klein, Gerwin and Elphinstone, Kevin and Heiser, Gernot and Andronick, June and Cock, David and Derrin, Philip and Elkaduwe, Dhammika and Engelhardt, Kai and Kolanski, Rafal and Norrish, Michael and Sewell, Thomas and Tuch, Harvey and Winwood, Simon},
	title = {{seL4: formal verification of an OS kernel}},
	booktitle = {Symposium on Operating Systems Principles},
	series = {SOSP '09},
	year = {2009},
	location = {Big Sky, Montana, USA},
	pages = {207--220},
	numpages = {14},
	acmid = {1629596},
	publisher = {ACM},
	keywords = {isabelle/hol, l4, microkernel, sel4},
}
@inproceedings{datacollider,
	author = {Erickson, John and Musuvathi, Madanlal and Burckhardt, Sebastian and Olynyk, Kirk},
	title = {Effective data-race detection for the kernel},
	booktitle = {Operating Systems Design and Implementation},
	series = {OSDI'10},
	year = {2010},
	location = {Vancouver, BC, Canada},
	pages = {1--16},
	numpages = {16},
	acmid = {1924954},
	publisher = {USENIX Association},
}
@inproceedings{carburizer,
	author = {Kadav, Asim and Renzelmann, Matthew J. and Swift, Michael M.},
	title = {Tolerating hardware device failures in software},
	booktitle = {Symposium on Operating Systems Principles},
	series = {SOSP '09},
	year = {2009},
	location = {Big Sky, Montana, USA},
	pages = {59--72},
	numpages = {14},
	acmid = {1629582},
	publisher = {ACM},
	keywords = {code generation, debugging, device drivers, recovery, reliability},
}



@inproceedings{kendo,
	author = {Olszewski, Marek and Ansel, Jason and Amarasinghe, Saman},
	title = {Kendo: efficient deterministic multithreading in software},
	booktitle = {Architectural Support for Programming Languages and Operating Systems},
	series = {ASPLOS '09},
	year = {2009},
	location = {Washington, DC, USA},
	pages = {97--108},
	numpages = {12},
	acmid = {1508256},
	publisher = {ACM},
	keywords = {debugging, determinism, deterministic multithreading, multicore, parallel programming},
}
@inproceedings{dthreads,
	author = {Liu, Tongping and Curtsinger, Charlie and Berger, Emery D.},
	title = {Dthreads: efficient deterministic multithreading},
	booktitle = {Symposium on Operating Systems Principles},
	series = {SOSP '11},
	year = {2011},
	location = {Cascais, Portugal},
	pages = {327--336},
	numpages = {10},
	acmid = {2043587},
	publisher = {ACM},
}
@inproceedings{peregrine,
	author = {Cui, Heming and Wu, Jingyue and Gallagher, John and Guo, Huayang and Yang, Junfeng},
	title = {Efficient deterministic multithreading through schedule relaxation},
	booktitle = {Symposium on Operating Systems Principles},
	series = {SOSP '11},
	year = {2011},
	location = {Cascais, Portugal},
	pages = {337--351},
	numpages = {15},
	acmid = {2043588},
	publisher = {ACM},
	keywords = {deterministic multithreading, program simplification, program slicing, symbolic execution},
}
